<marc:record xmlns:marc="http://www.loc.gov/MARC21/slim" xmlns:xsi="http://www.w3.org/2001/XMLSchema-instance" xsi:schemaLocation="http://www.loc.gov/MARC21/slim http://www.loc.gov/standards/marcxml/schema/MARC21slim.xsd">
  <marc:leader>     nam a2200253u  4500</marc:leader>
  <marc:controlfield tag="001">001677057</marc:controlfield>
  <marc:controlfield tag="003">NNU</marc:controlfield>
  <marc:controlfield tag="005">19990309000000.0</marc:controlfield>
  <marc:controlfield tag="008">981105s1954    ua            001 0 ara d</marc:controlfield>
  <marc:datafield tag="035" ind1="9" ind2=" ">
    <marc:subfield code="a">NYUb12220428</marc:subfield>
  </marc:datafield>
  <marc:datafield tag="035" ind1=" " ind2=" ">
    <marc:subfield code="a">(ICU)hz3641506</marc:subfield>
  </marc:datafield>
  <marc:datafield tag="035" ind1=" " ind2=" ">
    <marc:subfield code="a">(CStRLIN)ILCGHZ3641506-B</marc:subfield>
  </marc:datafield>
  <marc:datafield tag="040" ind1=" " ind2=" ">
    <marc:subfield code="a">EUX</marc:subfield>
    <marc:subfield code="c">EUX</marc:subfield>
    <marc:subfield code="d">CGU</marc:subfield>
    <marc:subfield code="d">CStRLIN</marc:subfield>
  </marc:datafield>
  <marc:datafield tag="100" ind1="1" ind2=" ">
    <marc:subfield code="a">Ibn Qutaybah, ʻAbd Allāh ibn Muslim,</marc:subfield>
    <marc:subfield code="d">828-889?</marc:subfield>
  </marc:datafield>
  <marc:datafield tag="245" ind1="1" ind2="0">
    <marc:subfield code="a">Taʼwīl mushakil al-Qurʼān /</marc:subfield>
    <marc:subfield code="c">bi-sharḥ wa taḥqīq Aḥmad Ṣaqr.</marc:subfield>
  </marc:datafield>
  <marc:datafield tag="260" ind1=" " ind2=" ">
    <marc:subfield code="a">[al-Qāhirah] :</marc:subfield>
    <marc:subfield code="b">ʻĪsá al-Bābī al-Ḥalabī :</marc:subfield>
    <marc:subfield code="b">Dār Iḥyāʼ al-Kutub al-ʻArabīyyah,</marc:subfield>
    <marc:subfield code="c">[1954?].</marc:subfield>
  </marc:datafield>
  <marc:datafield tag="300" ind1=" " ind2=" ">
    <marc:subfield code="a">536 p.</marc:subfield>
  </marc:datafield>
  <marc:datafield tag="490" ind1="1" ind2=" ">
    <marc:subfield code="a">Maktabat Ibn Qutaybah ;</marc:subfield>
    <marc:subfield code="v">1</marc:subfield>
  </marc:datafield>
  <marc:datafield tag="630" ind1="0" ind2="4">
    <marc:subfield code="a">Koran</marc:subfield>
    <marc:subfield code="x">Commentaries</marc:subfield>
    <marc:subfield code="x">Early works to 1800.</marc:subfield>
  </marc:datafield>
  <marc:datafield tag="630" ind1="0" ind2="0">
    <marc:subfield code="a">Koran</marc:subfield>
    <marc:subfield code="x">Criticism, interpretation, etc.</marc:subfield>
  </marc:datafield>
  <marc:datafield tag="700" ind1="1" ind2=" ">
    <marc:subfield code="a">Ṣaqr, Aḥmad.</marc:subfield>
  </marc:datafield>
  <marc:datafield tag="830" ind1=" " ind2="0">
    <marc:subfield code="a">Maktabat Ibn Qutaybah ;</marc:subfield>
    <marc:subfield code="v">1.</marc:subfield>
  </marc:datafield>
  <marc:datafield tag="950" ind1=" " ind2=" ">
    <marc:subfield code="l">BMAIN</marc:subfield>
    <marc:subfield code="a">BP130.4</marc:subfield>
    <marc:subfield code="b">.I284</marc:subfield>
  </marc:datafield>
  <marc:datafield tag="955" ind1=" " ind2=" ">
    <marc:subfield code="l">BMAIN</marc:subfield>
    <marc:subfield code="c">1:v.1</marc:subfield>
    <marc:subfield code="r">003978866</marc:subfield>
  </marc:datafield>
  <marc:datafield tag="998" ind1=" " ind2=" ">
    <marc:subfield code="s">9665</marc:subfield>
  </marc:datafield>
</marc:record>
